<?xml version="1.0" encoding="utf-8"?>
<record xmlns="http://www.loc.gov/MARC21/slim" xmlns:xsi="http://www.w3.org/2001/XMLSchema-instance" xsi:schemaLocation="http://www.loc.gov/MARC21/slim http://www.loc.gov/standards/marcxml/schema/MARC21slim.xsd">
	<leader>     nam a22     Mi 4500</leader>
	<controlfield tag="001">b14011931</controlfield>
	<controlfield tag="003">UaCaAUL</controlfield>
	<controlfield tag="006">m        d        </controlfield>
	<controlfield tag="007">cr cn |||m|||a</controlfield>
	<controlfield tag="008">191028s1937    iq      o     001 0bara d</controlfield>
	<datafield ind1=" " ind2=" " tag="040">
		<subfield code="a">ZYU</subfield>
		<subfield code="b">ara</subfield>
		<subfield code="e">rda</subfield>
		<subfield code="c">ZYU</subfield>
	</datafield>
	<datafield ind1=" " ind2="4" tag="050">
		<subfield code="a">BP70</subfield>
		<subfield code="b">.S55 1937</subfield>
	</datafield>
	<datafield ind1="1" ind2=" " tag="100">
		<subfield code="6">880-01</subfield>
		<subfield code="a">Fīrūzābādī al-Shīrāzī, Abū Isḥāq Ibrāhīm ibn ʻAlī ibn Yūsuf,</subfield>
		<subfield code="d">approximately 1003-1083.</subfield>
	</datafield>
	<datafield ind1="1" ind2="0" tag="245">
		<subfield code="6">880-02</subfield>
		<subfield code="a">Ṭabaqāt al-fuqahāʼ /</subfield>
		<subfield code="c">li-Abī Isḥāq al-Shīrāzī al-mutawaffá sanat 476. wa-yalihi Ṭabāqāt al-Shāfiʻīyah / li-Abī Bakr ibn Ḥidāyat Allāh al-Ḥusaynī al-mulaqqab bi-al-Muṣannif al-mutawaffá sanat 1014 = Classes of jurisprudents / by Abu Ihhaq al Shirazi died on 476 H., and Classes of Shafi-iyah / by Abu Bakir Ibn Hidayat-Ullah al Hussaini surnamed : al Mussannif died on 1014 H.</subfield>
	</datafield>
	<datafield ind1="3" ind2="1" tag="246">
		<subfield code="a">Classes of jurisprudents</subfield>
	</datafield>
	<datafield ind1="3" ind2="1" tag="246">
		<subfield code="a">Classes of Shafi-iyah</subfield>
	</datafield>
	<datafield ind1=" " ind2="1" tag="264">
		<subfield code="6">880-03</subfield>
		<subfield code="a">Baghdād :</subfield>
		<subfield code="b">Ṭubiʻa ʻalá nafaqat Nuʻmān al-Aʻẓamī al-Katbī ṣāḥib al-Maktabah al-ʻArabīyah,</subfield>
		<subfield code="c">1356 Hijrīyah [1937 or 8]</subfield>
	</datafield>
	<datafield ind1=" " ind2="3" tag="264">
		<subfield code="6">880-04</subfield>
		<subfield code="a">Baghdād :</subfield>
		<subfield code="b">Maṭbaʻat Baghdād.</subfield>
	</datafield>
	<datafield ind1=" " ind2=" " tag="300">
		<subfield code="a">online resource (3, 166, 4 unnumbered pages, 110 pages)</subfield>
	</datafield>
	<datafield ind1=" " ind2=" " tag="336">
		<subfield code="a">text</subfield>
		<subfield code="2">rdacontent</subfield>
	</datafield>
	<datafield ind1=" " ind2=" " tag="337">
		<subfield code="a">computer</subfield>
		<subfield code="2">rdamedia</subfield>
	</datafield>
	<datafield ind1=" " ind2=" " tag="338">
		<subfield code="a">online resource</subfield>
		<subfield code="2">rdacarrier</subfield>
	</datafield>
	<datafield ind1=" " ind2=" " tag="500">
		<subfield code="6">880-05</subfield>
		<subfield code="a">Ḥuqūq al-ṭabʻ maḥfūẓah.</subfield>
	</datafield>
	<datafield ind1=" " ind2=" " tag="500">
		<subfield code="a">Part of the Arabic Collections Online (ACO) project, contributed by American University in Cairo Library.</subfield>
	</datafield>
	<datafield ind1=" " ind2=" " tag="533">
		<subfield code="a">Electronic reproduction.</subfield>
		<subfield code="b">New York, N.Y. :</subfield>
		<subfield code="c">New York University,</subfield>
		<subfield code="d">2019.</subfield>
		<subfield code="5">NNU</subfield>
	</datafield>
	<datafield ind1=" " ind2="0" tag="650">
		<subfield code="a">Islamic law</subfield>
		<subfield code="v">Biography.</subfield>
	</datafield>
	<datafield ind1=" " ind2="0" tag="650">
		<subfield code="a">Shafiites</subfield>
		<subfield code="v">Biography.</subfield>
	</datafield>
	<datafield ind1=" " ind2="7" tag="650">
		<subfield code="a">Islamic law.</subfield>
		<subfield code="2">fast</subfield>
		<subfield code="0">(OCoLC)fst00979949</subfield>
	</datafield>
	<datafield ind1=" " ind2="7" tag="650">
		<subfield code="a">Shafiites.</subfield>
		<subfield code="2">fast</subfield>
		<subfield code="0">(OCoLC)fst01115053</subfield>
	</datafield>
	<datafield ind1=" " ind2="7" tag="655">
		<subfield code="a">Biography.</subfield>
		<subfield code="2">fast</subfield>
		<subfield code="0">(OCoLC)fst01423686</subfield>
	</datafield>
	<datafield ind1="1" ind2="2" tag="700">
		<subfield code="6">880-06</subfield>
		<subfield code="a">Ḥusaynī, Abū Bakr ibn Hidāyat Allāh,</subfield>
		<subfield code="d">-1605 or 1606.</subfield>
		<subfield code="t">Ṭabaqāt al-Shāfiʻīyah.</subfield>
	</datafield>
	<datafield ind1="2" ind2=" " tag="710">
		<subfield code="a">American University in Cairo.</subfield>
		<subfield code="b">Library.</subfield>
	</datafield>
	<datafield ind1="0" ind2=" " tag="730">
		<subfield code="a">Arabic Collections Online.</subfield>
	</datafield>
	<datafield ind1="0" ind2="8" tag="776">
		<subfield code="i">Online version:</subfield>
		<subfield code="a">Fīrūzābādī al-Shīrāzī, Abū Isḥāq Ibrāhīm ibn ʻAlī ibn Yūsuf, approximately 1003-1083.</subfield>
		<subfield code="t">Ṭabaqāt al-fuqahāʼ.</subfield>
		<subfield code="d">Baghdād : al-Maktabah al-ʻArabīyah, 1356 [1937 or 8]</subfield>
		<subfield code="w">(OCoLC)763131992</subfield>
	</datafield>
	<datafield ind1="0" ind2="8" tag="776">
		<subfield code="i">Print version:</subfield>
		<subfield code="a">Fīrūzābādī al-Shīrāzī, Abū Isḥāq Ibrāhīm ibn ʻAlī ibn Yūsuf, approximately 1003-1083.</subfield>
		<subfield code="t">Ṭabaqāt al-fuqahāʼ</subfield>
		<subfield code="w">(UaCaAUL)b14011931</subfield>
		<subfield code="w">(OCoLC)18250184</subfield>
	</datafield>
	<datafield ind1="4" ind2="0" tag="856">
		<subfield code="u">http://hdl.handle.net/2333.1/2jm646nc</subfield>
	</datafield>
	<datafield ind1="1" ind2=" " tag="880">
		<subfield code="6">100-01</subfield>
		<subfield code="a">فيروزابادي الشيرازي، ابو اسحاق ابراهيم بن علي بن يوسف،</subfield>
		<subfield code="d">approximately 1003-1083.</subfield>
	</datafield>
	<datafield ind1="1" ind2="0" tag="880">
		<subfield code="6">245-02</subfield>
		<subfield code="a">طبقات الفقهاء /</subfield>
		<subfield code="c">لأبي اسحاق الشيرازي المتوفى سنة 476. ويليه طباقات الشافعية / لأبي بكر بن هداية الله الحسيني الملقب بالمصنف المتوفى سنة 1014.</subfield>
	</datafield>
	<datafield ind1=" " ind2="1" tag="880">
		<subfield code="6">264-03</subfield>
		<subfield code="a">بغداد :</subfield>
		<subfield code="b">طبع على نفقة نعمان الاعظمي الكتبي صاحب المكتبة العربية،</subfield>
		<subfield code="c">1356 هجرية [1937 أو 8]</subfield>
	</datafield>
	<datafield ind1=" " ind2="3" tag="880">
		<subfield code="6">264-04</subfield>
		<subfield code="a">بغداد :</subfield>
		<subfield code="b">مطبعة بغداد.</subfield>
	</datafield>
	<datafield ind1=" " ind2=" " tag="880">
		<subfield code="6">500-05</subfield>
		<subfield code="a">حقوق الطبع محفوظة.</subfield>
	</datafield>
	<datafield ind1="1" ind2="2" tag="880">
		<subfield code="6">700-06</subfield>
		<subfield code="a">حسيني، ابو بكر بن هداية الله،,</subfield>
		<subfield code="d">-1605 or 1606.</subfield>
		<subfield code="t">طبقات الشافعية.</subfield>
	</datafield>
	<datafield ind1=" " ind2=" " tag="959">
		<subfield code="a">NNU</subfield>
		<subfield code="b">WEB</subfield>
		<subfield code="c">GENI</subfield>
		<subfield code="t">0</subfield>
		<subfield code="m">Electronic access</subfield>
		<subfield code="s">01</subfield>
	</datafield>
	<datafield ind1=" " ind2=" " tag="999">
		<subfield code="i">UaCaAUL_b14011931</subfield>
		<subfield code="o">(OCoLC)ocm18250184</subfield>
		<subfield code="s">auc_aco000715</subfield>
		<subfield code="e">(ERROR-880)</subfield>
		<subfield code="s">auc_aco000715</subfield>
	</datafield>
</record>
